@misc{unicrom2024,
	author       = {Administrador},
	year         = {2024},
	title        = {Historia del Amplificador Operacional},
	url          = {https://unicrom.com/historia-amplificador-operacional/},
	note         = {Consultado el 26 de agosto de 2024}
}