@INPROCEEDINGS{iotmonitoring,
	author={Kamelia, Lia and Nugraha, Yuga Setya and Effendi, Mufid Ridlo and Priatna, Tedi},
	booktitle={2019 IEEE 5th International Conference on Wireless and Telematics (ICWT)}, 
	title={The IoT-Based Monitoring Systems for Humidity and Soil Acidity Using Wireless Communication}, 
	year={2019},
	volume={},
	number={},
	pages={1-4},
	keywords={monitoring;pH;radio wave;sensor;soil humidity;YL-69},
	doi={10.1109/ICWT47785.2019.8978243}}
@INPROCEEDINGS{chrysanthemum,
	author={Maiza Henanda, Muhammad Tito and Nuha, Hilal H. and Ariyanto, Endro},
	booktitle={2022 9th International Conference on Electrical Engineering, Computer Science and Informatics (EECSI)}, 
	title={Utilization of Smart Greenhouse to Increase Chrysanthemum Growth in the Vegetative Phase by Monitoring Using Firebase}, 
	year={2022},
	volume={},
	number={},
	pages={204-209},
	keywords={Temperature sensors;Temperature measurement;Microcontrollers;Databases;Humidity;Light emitting diodes;Real-time systems;chrysanthemum;Firebase;Telegram;DHT21;LDR;Greenhouse},
	doi={10.23919/EECSI56542.2022.9946632}}
@INPROCEEDINGS{astromelia,
	author={Guevara-Morales, Michael and Quiñones-Hermosa, Luis and Hernandez-Manrique, Silvia and Auccahuasi, Wilver},
	booktitle={2023 International Conference on Sustainable Computing and Data Communication Systems (ICSCDS)}, 
	title={Implementation of and agriculture 4.0 oriented system for monitoring environmental variables: Alstroemeria hybrida – Astromelia case}, 
	year={2023},
	volume={},
	number={},
	pages={1691-1696},
	keywords={Temperature sensors;Temperature measurement;Wireless sensor networks;Temperature distribution;Crops;Humidity;Sensor systems and applications;Agriculture;Climate change;WSN;ESP32;DHT11;YL-69;HL-83;Agriculture 4.0.},
	doi={10.1109/ICSCDS56580.2023.10104595}}
@INPROCEEDINGS{lowcosthumidity,
	author={Rose, Jessie and Jia Chi, Lai and Yi Lung, Then and Vithanawasam, Chamath Kalanaka},
	booktitle={2019 International UNIMAS STEM 12th Engineering Conference (EnCon)}, 
	title={Calibrated Analytical Model of Low Cost YL-69 Hygrometer Sensor for Determining Moisture Content of Fruit and Vegetable Waste}, 
	year={2019},
	volume={},
	number={},
	pages={71-76},
	keywords={Moisture;Soil;Mathematical model;Standards;Ovens;Soil measurements;YL-69 hygrometer sensor;food waste;composting;optimum moisture content},
	doi={10.1109/EnCon.2019.8861253}}
